<?xml version="1.0" encoding="UTF-8"?><collection xmlns="http://www.loc.gov/MARC21/slim"><record><leader>00377nam--2200133-i-4500</leader><controlfield tag="001">000015309</controlfield><controlfield tag="002">20161230</controlfield><controlfield tag="005">20161230201031</controlfield><controlfield tag="008">060222s1000------------r-----000-0-eng-d</controlfield><datafield ind1=" " ind2=" " tag="080"><subfield code="a">5:6</subfield></datafield><datafield ind1=" " ind2=" " tag="245"><subfield code="a">Annual review of materials science</subfield></datafield><datafield ind1=" " ind2=" " tag="260"><subfield code="a">Palo Alto, Annual Review Inc. 1974 Vii + 461 P</subfield></datafield><datafield ind1=" " ind2=" " tag="700"><subfield code="a">Robert A.Huggins, Richard H. Bube And Richard W.Roberts</subfield></datafield><datafield ind1=" " ind2=" " tag="852"><subfield code="a">43084</subfield></datafield></record></collection>